@unpublished{10EmbeddedAplikace2021,
  title  = {10: Embedded aplikace pracující v reálném čase},
  author = {Bradáč, Zdeněk and Fiedler, Petr},
  date   = {2021},
  langid = {czech},
  venue  = {{Fakulta elektrotechniky a komunikačních technologií VUT v Brně}},
  file   = {/home/daniel/Documents/Zotero/storage/F8CRNUX7/Bradáč a Fiedler - 2021 - Embedded aplikace pracující v reálném čase.pdf}
}

@unpublished{11FaultTolerantSystemy2021,
  title  = {11: Fault-Tolerant systémy},
  author = {Bradáč, Zdeněk and Fiedler, Petr and Kučera, Pavel and Arm, Jakub},
  date   = {2021},
  langid = {czech},
  venue  = {{Fakulta elektrotechniky a komunikačních technologií VUT v Brně}},
  file   = {/home/daniel/Documents/Zotero/storage/2LRDZ4AX/Bradáč et al. - 2021 - Fault-Tolerant systémy.pdf}
}

@unpublished{12OstatniArchitektury2021,
  title  = {12: Ostatní architektury},
  author = {Arm, Jakub},
  date   = {2021},
  langid = {czech},
  venue  = {{Fakulta elektrotechniky a komunikačních technologií VUT v Brně}},
  file   = {/home/daniel/Documents/Zotero/storage/VHWRSNA2/Arm - 2021 - Ostatní architektury.pdf}
}

@unpublished{3aAtmega328Hodiny2021,
  title  = {3a: Atmega328 Hodiny},
  author = {Bradáč, Zdeněk and Arm, Jakub and Streit, Jakub},
  date   = {2021},
  langid = {czech},
  venue  = {{Fakulta elektrotechniky a komunikačních technologií VUT v Brně}},
  file   = {/home/daniel/Documents/Zotero/storage/C3DY9K8F/Bradáč a Arm - 2021 - Atmega328 Hodiny.pdf}
}

@unpublished{3bAtmega328Casovace2021,
  title  = {3b: Atmega328 Časovače},
  author = {Bradáč, Zdeněk and Arm, Jakub and Streit, Jakub},
  date   = {2021},
  langid = {czech},
  venue  = {{Fakulta elektrotechniky a komunikačních technologií VUT v Brně}},
  file   = {/home/daniel/Documents/Zotero/storage/X3WUS3GP/Bradáč et al. - 2021 - Atmega328 Časovače.pdf}
}

@unpublished{4aAtmega328ADC2021,
  title  = {4a: Atmega328 ADC},
  author = {Bradáč, Zdeněk and Arm, Jakub and Streit, Jakub},
  date   = {2021},
  langid = {czech},
  venue  = {{Fakulta elektrotechniky a komunikačních technologií VUT v Brně}},
  file   = {/home/daniel/Documents/Zotero/storage/GYIXUC5V/Bradáč et al. - 2021 - Atmega328 ADC.pdf}
}

@unpublished{4bAtmega328Analogovy2021,
  title  = {4b: Atmega328 Analogový komparátor},
  author = {Bradáč, Zdeněk and Arm, Jakub and Streit, Jakub},
  date   = {2021},
  langid = {czech},
  venue  = {{Fakulta elektrotechniky a komunikačních technologií VUT v Brně}},
  file   = {/home/daniel/Documents/Zotero/storage/ME3MFP9F/Bradáč et al. - 2021 - Atmega328 Analogový komparátor.pdf}
}

@unpublished{4cAtmega328USART2021,
  title  = {4c: Atmega328 USART},
  author = {Bradáč, Zdeněk and Arm, Jakub and Streit, Jakub},
  date   = {2021},
  langid = {czech},
  venue  = {{Fakulta elektrotechniky a komunikačních technologií VUT v Brně}},
  file   = {/home/daniel/Documents/Zotero/storage/TNUKIWB7/Bradáč et al. - 2021 - Atmega328 USART.pdf}
}

@online{AnalogStorageOscilloscope2023,
  title        = {Analog {{Storage Oscilloscope}} : {{Block Diagram}}, {{Working}} \& {{Its Uses}}},
  shorttitle   = {Analog {{Storage Oscilloscope}}},
  author       = {Agarwal, Tarun},
  date         = {2023-02-01T04:30:04+00:00},
  url          = {https://www.elprocus.com/analog-storage-oscilloscope/},
  urldate      = {2023-09-04},
  abstract     = {This Article Discusses an Overview of What is Analog Storage Oscilloscope, Block Diagram, Working, Differences, Advantages \& Its Applications},
  langid       = {american},
  organization = {{ElProCus - Electronic Projects for Engineering Students}},
  file         = {/home/daniel/Documents/Zotero/storage/BNU6V7HU/analog-storage-oscilloscope.html}
}

@book{AnsibleDevOps2023,
  title   = {Ansible for DevOps},
  author  = {Geerling, Jeff},
  date    = {2023-06-29},
  edition = {2},
  isbn    = {978-0-9863934-3-3},
  langid  = {Angličtina},
  file    = {/home/daniel/Documents/Zotero/storage/PFZF5MFU/Geerling - 2023 - Ansible for DevOps.pdf}
}

@unpublished{ArchitekturaMikrokontroleruAtmega328P2021,
  title  = {2: Architektura mikrokontrolérů - Atmega328P},
  author = {Bradáč, Zdeněk and Arm, Jakub},
  date   = {2021},
  langid = {czech},
  venue  = {{Fakulta elektrotechniky a komunikačních technologií VUT v Brně}},
  file   = {/home/daniel/Documents/Zotero/storage/EZA2S4CP/Bradáč a Arm - 2021 - Architektura mikrokontrolérů - Atmega328P.pdf}
}

@article{ArtificialIntelligenceSuicide2020,
  title        = {Artificial {{Intelligence}} and {{Suicide Prevention}}: {{A Systematic Review}} of {{Machine Learning Investigations}}},
  shorttitle   = {Artificial {{Intelligence}} and {{Suicide Prevention}}},
  author       = {Bernert, Rebecca A. and Hilberg, Amanda M. and Melia, Ruth and Kim, Jane Paik and Shah, Nigam H. and Abnousi, Freddy},
  date         = {2020-08-15},
  journaltitle = {International Journal of Environmental Research and Public Health},
  shortjournal = {IJERPH},
  volume       = {17},
  number       = {16},
  pages        = {5929},
  issn         = {1660-4601},
  doi          = {10.3390/ijerph17165929},
  url          = {https://www.mdpi.com/1660-4601/17/16/5929},
  urldate      = {2023-08-10},
  abstract     = {Suicide is a leading cause of death that defies prediction and challenges prevention efforts worldwide. Artificial intelligence (AI) and machine learning (ML) have emerged as a means of investigating large datasets to enhance risk detection. A systematic review of ML investigations evaluating suicidal behaviors was conducted using PubMed/MEDLINE, PsychInfo, Web-of-Science, and EMBASE, employing search strings and MeSH terms relevant to suicide and AI. Databases were supplemented by hand-search techniques and Google Scholar. Inclusion criteria: (1) journal article, available in English, (2) original investigation, (3) employment of AI/ML, (4) evaluation of a suicide risk outcome. N = 594 records were identified based on abstract search, and 25 hand-searched reports. N = 461 reports remained after duplicates were removed, n = 316 were excluded after abstract screening. Of n = 149 full-text articles assessed for eligibility, n = 87 were included for quantitative synthesis, grouped according to suicide behavior outcome. Reports varied widely in methodology and outcomes. Results suggest high levels of risk classification accuracy ({$>$}90\%) and Area Under the Curve (AUC) in the prediction of suicidal behaviors. We report key findings and central limitations in the use of AI/ML frameworks to guide additional research, which hold the potential to impact suicide on broad scale.},
  langid       = {english},
  file         = {/home/daniel/Documents/Zotero/storage/F2LUTKEP/Bernert et al. - 2020 - Artificial Intelligence and Suicide Prevention A .pdf;/home/daniel/Documents/Zotero/storage/PL8SRLHT/Bernert et al. - 2020 - Artificial Intelligence and Suicide Prevention A .pdf}
}

@book{AutomatizaceAutomatizacniTechnika,
  title     = {Automatizace a automatizační technika II},
  author    = {Voráček, Rudolf and Andrýsek, František and Brýdl, Zdeněk and Kohout, Luděk and Šmejkal, Ladislav},
  edition   = {první},
  volume    = {2005},
  publisher = {{CP Books, a.s.}},
  isbn      = {80-251-0796-5},
  langid    = {czech},
  pagetotal = {232},
  file      = {/home/daniel/Documents/Zotero/storage/28RCMLF8/Voráček et al. - Automatizace a automatizační technika II.pdf}
}

@misc{BezpecnostniDoporuceniPro2022,
  title  = {Bezpečnostní doporučení pro vývoj otevřeného softwaru ve veřejné správě},
  author = {{NÚKIB}},
  date   = {2022-04-05},
  langid = {czech},
  file   = {/home/daniel/Documents/Zotero/storage/NRTABT3H/NÚKIB - 2022 - Bezpečnostní doporučení pro vývoj otevřeného softw.pdf}
}

@article{CalibrationShortRange2016,
  title        = {Calibration of Short Range 2D Laser Range Finder for 3D SLAM Usage},
  author       = {Olivka, Petr and Krumnikl, Michal and Moravec, Pavel and Seidl, David},
  date         = {2016},
  journaltitle = {Journal of Sensors},
  shortjournal = {Journal of Sensors},
  volume       = {2016},
  pages        = {1--13},
  issn         = {1687-725X, 1687-7268},
  doi          = {10.1155/2016/3715129},
  url          = {http://www.hindawi.com/journals/js/2016/3715129/},
  urldate      = {2023-08-10},
  abstract     = {The laser range finder is one of the most essential sensors in the field of robotics. The laser range finder provides an accurate range measurement with high angular resolution. However, the short range scanners require an additional calibration to achieve the abovementioned accuracy. The calibration procedure described in this work provides an estimation of the internal parameters of the laser range finder without requiring any special three-dimensional targets. This work presents the use of a short range URG-04LX scanner for mapping purposes and describes its calibration. The precision of the calibration was checked in an environment with known ground truth values and the results were statistically evaluated. The benefits of the calibration are also demonstrated in the practical applications involving the segmentation of the environment. The proposed calibration method is complex and detects all major manufacturing inaccuracies. The procedure is suitable for easy integration into the current manufacturing process.},
  langid       = {Angličtina},
  file         = {/home/daniel/Documents/Zotero/storage/E6EUI3L3/Olivka et al. - 2016 - Calibration of Short Range 2D Laser Range Finder f.pdf;/home/daniel/Documents/Zotero/storage/QRU4FJFT/Olivka et al. - 2016 - Calibration of Short Range 2D Laser Range Finder f.pdf}
}

@article{CeskeVysokeUceni,
  title    = {České vysoké učení technické v Praze Fakulta elektrotechnická},
  author   = {Šlehofer, Jan},
  langid   = {czech},
  keywords = {import},
  file     = {/home/daniel/Documents/Zotero/storage/7MXXDVQF/Šlehofer - České vysoké učení technické v Praze Fakulta elekt.pdf}
}

@misc{ComparingHighResolution2018,
  title        = {Comparing High Resolution Oscilloscope Design Approaches},
  author       = {Johnson, Ken},
  date         = {2018-06-24},
  abstract     = {High resolution is being extensively marketed across a broad range of high bandwidth oscilloscopes. Oscilloscope manufacturers use a variety of hardware and software design approaches to increase resolution, some of which impose other performance tradeoffs. This white paper provides an overview of the various high resolution design approaches, with examples of their impact on oscilloscope performance.},
  langid       = {Angličtina},
  organization = {{Teledyne LeCroy}},
  file         = {/home/daniel/Documents/Zotero/storage/DB5A9B78/Johnson - 2018 - Comparing High Resolution Oscilloscope Design Appr.pdf}
}

@book{DataCipyProcesory2020,
  title     = {Data, čipy, procesory},
  author    = {Malý, Martin},
  date      = {2020},
  edition   = {1.},
  volume    = {2020},
  publisher = {{CZ.NIC, z. s. p. o.}},
  location  = {{Praha}},
  isbn      = {978-80-88168-56-0},
  langid    = {czech},
  pagetotal = {398},
  file      = {/home/daniel/Documents/Zotero/storage/4KYIDUAB/Malý - 2020 - Data, čipy, procesory.pdf}
}

@thesis{DesignDevelopmentAerial2016,
  title       = {Design and Development of an Aerial Surveillance Security System},
  shorttitle  = {Design and Development of an Aerial Surveillance Security System},
  author      = {Hinga, Simon Karanja},
  date        = {2016-05-19},
  institution = {{Technical University of Mombasa}},
  abstract    = {Aerial security means performing security-aimed monitoring and surveillance operations with the help of airborne vehicles. This kind of activities suggest that human officers (security organizations, law enforcement, police etc.) would be able to remotely monitor and view video and data acquired from Drones while planning and evaluating their operations. The spectrum of applications where drones are used for security purposes is vast: scouting and reporting emergencies, monitoring accidents and crimes, surveillance of a certain landscape area, operating in highly busy and pedestrians as well as their tracking from up in the sky, and so on. The project will serve as a bridge to connect actual happening in areas that cannot be navigated easily by security personnel of corporate institution as the Drone will be used to hover and record the actual happening as it transmit to a ground station which records and analyses the events as they streams in, also due its capability of flying over different altitudes the drone can generally be used on areas with rugged terrains or over water bodies for a time dependent on its power capacity.},
  langid      = {Angličtina},
  pagetotal   = {66},
  file        = {/home/daniel/Documents/Zotero/storage/CHE4ZL25/Hinga - 2016 - Design and Development of an Aerial Surveillance S.pdf}
}

@article{DesignMixedSignalOscilloscope1997,
  entrysubtype = {magazine},
  title        = {Design of a Mixed-Signal Oscilloscope},
  author       = {Holcomb, Matthew S. and Hall, Stuart O. and Tustin, Warren S. and Burkart, Patric J. and Roach, Steven D.},
  date         = {1997-04},
  journaltitle = {Hewlett-Packard Journal},
  pages        = {11},
  abstract     = {This combination of a digital oscilloscope and a logic timing analyzer provides powerful cross-domain triggering capabilities for capturing signals in mixed-signal environments. MegaZoom technology, consisting of advanced acquisition techniques and dedicated signal processing, maintains display responsiveness while making optimal use of deep sample memory.},
  langid       = {Angličtina},
  file         = {/home/daniel/Documents/Zotero/storage/ANEZU9HY/Holcomb et al. - 1997 - Design of a Mixed-Signal Oscilloscope.pdf}
}

@artwork{DeutschStandardTastkopfFur2020,
  title      = {Deutsch:  {{Standard-Tastkopf}} Für {{Oszilloskope}} Mit {{BNC-Stecker}}, {{Masseklemme}} Und Abgenommener {{Federklemme}}. {{Der Tastkopf}} Weist Ein {{Teilerverhältnis}} von 10:1 Auf Sowie Die Übliche {{Abgleichmöglichkeit}} Für Die {{Kapazität}}},
  shorttitle = {Deutsch},
  author     = {{Smial}},
  date       = {2020-04-17},
  url        = {https://commons.wikimedia.org/wiki/File:Oszilloskop_Tastkopf_10x_IMGP3769_smial_wp.jpg},
  urldate    = {2023-09-04},
  file       = {/home/daniel/Documents/Zotero/storage/S2E7R3PV/FileOszilloskop_Tastkopf_10x_IMGP3769_smial_wp.html}
}

@thesis{DigitalniOsciloskopAVR2012,
  title       = {Digitální osciloskop s AVR},
  author      = {Stejskal, Martin},
  date        = {2012},
  institution = {{Vysoké Učení Technické v Brně}},
  location    = {{Brno}},
  abstract    = {Cílem práce bylo seznámit se s mikrokontroléry od firmy ATMEL a prostudovat na jakých principech fungují analogové a digitální osciloskopy. Na základě zjištěných poznatků byl blokově navržen digitální osciloskop s mikrokontrolérem ATMEL řady AVR. V dalších kapitolách byly pak řešeny vstupní obvody s využitím A/D převodníku, které převádí analogový signál na digitální a je dále zpracováván dalšími obvody. Velkou částí práce je pak samozřejmě software, který se mimo jiné zabývá datovými protokoly a zabezpečením dat},
  langid      = {czech},
  pagetotal   = {64},
  file        = {/home/daniel/Documents/Zotero/storage/TU6BKYBD/final-thesis.pdf}
}

@thesis{DigitalniOsciloskopMikrokontrolerem2014,
  title       = {Digitální osciloskop s mikrokontrolérem},
  author      = {David, Jan},
  date        = {2014-06-05},
  institution = {{Vysoké Učení Technické v Brně}},
  abstract    = {Tato bakalářská práce se zabývá návrhem přenosného digitálního paměťového osciloskopu s mikrokotroléry PIC, pro zobrazení signálu je použit grafický LCD s rozlišením 240x128. Přístroj přináší originální řešení a možnost rozšíření zařízení o uživatelské funkce.},
  langid      = {czech},
  pagetotal   = {61},
  file        = {/home/daniel/Documents/Zotero/storage/CU673V7N/final-thesis (1).pdf}
}

@article{DIGITALNIOSCILOSKOPSE,
  title    = {DIGITALNÍ OSCILOSKOP SE SBĚRNICÍ USB},
  author   = {Vadinský, Václav},
  abstract = {The work deals with design and implementation of hardware and software oscilloscope to a PC. A communication with PC is via USB interface from which is the oscilloscope powered. The oscilloscope is equipped with 2 measuring channels with vertical resolution 12 bits and maximum sampling frequency 80MHz. Any adjustment of parameters is performed using the PC. The work also deals with manner of recording, synchronization of measurements and sending the measured data to PC and its subsequent processing and evaluation.},
  langid   = {czech}
}

@thesis{DigitalniPametovyOsciloskop2008,
  title       = {Digitální paměťový osciloskop},
  author      = {Piši, Daniel},
  date        = {2008},
  institution = {{Vysoké Učení Technické v Brně}},
  location    = {{Brno}},
  langid      = {czech},
  pagetotal   = {99},
  file        = {/home/daniel/Documents/Zotero/storage/MK6YYASR/final-thesis (3).pdf}
}

@thesis{DigitalniVzorkovaciOsciloskop2023,
  title       = {Digitální vzorkovací osciloskop na bázi SoC - řídicí a zobrazovací část},
  author      = {Čada, Josef},
  date        = {2023},
  institution = {{České vysoké učení technické v Praze}},
  abstract    = {Tato bakalářská práce se zaměřuje na návrh a realizaci řídicí a zobrazovací části digitálního osciloskopu a přidruženého signálového generátoru na desce Zybo Z7-20 s využitím čipu Zynq 7000. Práce byla realizována ve spolupráci s Michalem Navrátilem, který se ve své praci naměřuje na signálovou část. První částí je implementace řídícího kódu pro komunikaci mezi FPGA a procesorem ARM Cortex a řízení komunikace mezi vývojovou deskou a osobním počítačem, přes rozhraní UART. Druhou částí je návrh modulu pro digitální zpracování signálu a signálového generátoru pro FPGA. Poslední částí je realizace aplikace pro zobrazování signálu v prostředí LabVIEW. Výsledkem je tedy aplikace schopná zobrazovat navzorkovaná data z desky Zybo Z7, konfigurační soubor pro desku ZyboZ7 realizující digitální zpracování signálu a signálový generátor, a v neposlední řadě kód v jazyce C konfigurující komunikaci mezi FPGA a ARM Cortex procesorem a řízení UART komunikace. Po spojení obou prací vzniká dvoukanálový osciloskop o vzorkovací frekvenci 500 MSPS na kanál, šířkou pásma 500 kHz a generátorem signálu se sinovým, trojúhelníkovým, pilovým a PWM výstupem.},
  langid      = {czech},
  pagetotal   = {96},
  file        = {/home/daniel/Documents/Zotero/storage/WL3ABKF5/Čada - 2023 - Digitální vzorkovací osciloskop na bázi SoC - řídi.pdf}
}

@unpublished{DigitizingOscilloscopeBasics2003,
  title  = {Digitizing {{Oscilloscope Basics}}},
  author = {Jay, Alexander},
  date   = {2003-04-23},
  file   = {/home/daniel/Documents/Zotero/storage/CT6VQKT8/oscilloscopes_basics.pdf}
}

@unpublished{DMARMII2021,
  title  = {8: DMA a RMII},
  author = {Bradáč, Zdeněk and Arm, Jakub},
  date   = {2021},
  langid = {czech},
  venue  = {{Fakulta elektrotechniky a komunikačních technologií VUT v Brně}},
  file   = {/home/daniel/Documents/Zotero/storage/PN5WT6KR/Bradáč a Arm - 2021 - DMA a RMII.pdf}
}

@unpublished{ELE2022,
  title  = {{{ELE}}},
  author = {Falhar, Michal},
  date   = {2022},
  file   = {/home/daniel/Documents/Zotero/storage/2M6PKJSN/Součástky řízené neelktrickou veličinou.pptx;/home/daniel/Documents/Zotero/storage/35HZBATT/ELT_2_Diody.pptx;/home/daniel/Documents/Zotero/storage/3LAC3JEC/Optoelektronika.pptx;/home/daniel/Documents/Zotero/storage/3WB34YXY/ELT_1_Polovodiče.pptx;/home/daniel/Documents/Zotero/storage/46GBHLWH/Unipolární tranzistory.pptx;/home/daniel/Documents/Zotero/storage/HUDH44I3/ELT_3_Tranzistory.pptx;/home/daniel/Documents/Zotero/storage/IBA8CFWZ/Spínací prvky.pptx;/home/daniel/Documents/Zotero/storage/JHKVVU3T/ELT_4_Unipolární tranzistory JFET.pptx;/home/daniel/Documents/Zotero/storage/MBXV4G89/Optoelektronika (1).pptx}
}

@inreference{EurocardPrintedCircuit2023,
  title      = {Eurocard (Printed Circuit Board)},
  booktitle  = {Wikipedia},
  date       = {2023-05-21T01:11:39Z},
  url        = {https://en.wikipedia.org/w/index.php?title=Eurocard_(printed_circuit_board)&oldid=1156065119},
  urldate    = {2023-09-01},
  abstract   = {Eurocard is an IEEE standard format for printed circuit board (PCB) cards that can be plugged together into a standard chassis which, in turn, can be mounted in a 19-inch rack. The chassis consists of a series of slotted card guides on the top and bottom, into which the cards are slid so they stand on end, like books on a shelf. At the spine of each card is one or more connectors which plug into mating connectors on a backplane that closes the rear of the chassis.},
  langid     = {english},
  keywords   = {Osci},
  annotation = {Page Version ID: 1156065119},
  file       = {/home/daniel/Documents/Zotero/storage/D2NMYBR6/Eurocard_(printed_circuit_board).html}
}

@unpublished{ExterniPeriferie2021,
  title  = {7: Externí periferie},
  author = {Bradáč, Zdeněk and Baštán, Ondřej},
  date   = {2021},
  langid = {czech},
  venue  = {{Fakulta elektrotechniky a komunikačních technologií VUT v Brně}},
  file   = {/home/daniel/Documents/Zotero/storage/KSZL9PC8/Bradáč a Baštán - 2021 - Externí periferie.pdf}
}

@misc{FogelTvorbaOpen,
  title = {Fogel - {{Tvorba}} Open Source Softwaru.Pdf},
  file  = {/home/daniel/Documents/Zotero/storage/T22GXZDR/Fogel - Tvorba open source softwaru.pdf}
}

@misc{GitLabCIFPGADevelopment2018,
  title  = {GitLab-CI for FPGA development at LHCb},
  date   = {2018-10-03},
  langid = {Angličtina},
  file   = {/home/daniel/Documents/Zotero/storage/Y2GX656J/2018 - GitLab-CI for FPGA development at LHCb.pdf}
}

@misc{GrafickeZnackyPouzivane2011,
  title    = {Grafické značky používané na schématech a výkresech v elektrotechnice podle databáze IEC 60617DB},
  author   = {{Úřad pro technickou normalizaci, metrologii a státní zkušebnictví}},
  date     = {2011},
  url      = {https://www.agentura-cas.cz/wp-content/uploads/Graficke-znacky-na-schematech.pdf},
  urldate  = {2023-08-13},
  abstract = {Tato příručka s názvem „Grafické značky pouţívané na schématech a výkresech v elektrotechnice podle databáze IEC 60617DB“ byla připravena v rámci Programu rozvoje technické normalizace k podpoře normalizační práce pro vzdělávací účely, financovaného Úřadem pro technickou normalizaci, metrologii a státní zkušebnictví (ÚMNZ).},
  langid   = {czech},
  file     = {/home/daniel/Documents/Zotero/storage/R7BVCU7A/Graficke-znacky-na-schematech.pdf}
}

@misc{HardwareDesignRP20402022,
  title  = {Hardware design with RP2040},
  author = {{Raspberry Pi}},
  date   = {2022-06-29},
  langid = {Angličtina},
  file   = {/home/daniel/Documents/Zotero/storage/K4R84HVT/Raspberry Pi - 2022 - Hardware design with RP2040.pdf}
}

@misc{HolcombThisCombination,
  title = {Holcomb et al. - {{This}} Combination of a Digital Oscilloscope and a l.Pdf},
  file  = {/home/daniel/Documents/Zotero/storage/MGJZJFRG/Holcomb et al. - This combination of a digital oscilloscope and a l.pdf}
}

@online{HowDoesOscilloscope,
  title   = {How {{Does}} an {{Oscilloscope Work}}? - {{Saleae Articles}}},
  url     = {https://articles.saleae.com/oscilloscopes/how-does-an-oscilloscope-work},
  urldate = {2023-09-04},
  file    = {/home/daniel/Documents/Zotero/storage/QJ4BIVDT/how-does-an-oscilloscope-work.html}
}

@online{HowDoesOscilloscopea,
  title   = {How {{Does}} an {{Oscilloscope Work}}? - {{Saleae Articles}}},
  url     = {https://articles.saleae.com/oscilloscopes/how-does-an-oscilloscope-work},
  urldate = {2023-09-04},
  file    = {/home/daniel/Documents/Zotero/storage/3IW2275B/how-does-an-oscilloscope-work.html}
}

@book{HradlaVoltyJednocipy2017,
  title     = {Hradla, volty, jednočipy},
  author    = {Malý, Martin},
  date      = {2017},
  edition   = {1.},
  volume    = {2017},
  publisher = {{CZ.NIC, z. s. p. o.}},
  location  = {{Praha}},
  isbn      = {978-80-88168-26-3},
  langid    = {czech},
  pagetotal = {513},
  file      = {/home/daniel/Documents/Zotero/storage/DRU7JPPG/Malý - 2017 - Hradla, volty, jednočipy.pdf}
}

@unpublished{I2CSPI2021,
  title  = {6: I2C a SPI},
  author = {Bradáč, Zdeněk and Baštán, Ondřej},
  date   = {2021},
  langid = {czech},
  venue  = {{Fakulta elektrotechniky a komunikačních technologií VUT v Brně}},
  file   = {/home/daniel/Documents/Zotero/storage/VSEXSSCI/Bradáč a Baštán - 2021 - I2C a SPI.pdf}
}

@thesis{InovaceUlohPredmetuMilevsko,
  title       = {Inovace úloh do předmětu Zpracování a digitalizace analogových signálů},
  author      = {Kozelka, Martin},
  year        = {Milevsko},
  institution = {{České vysoké učení technické v Praze}},
  location    = {{Milevsko}},
  abstract    = {Diplomová práce se zabývá inovací úloh ve cvičení předmětu A3M38ZDS Zpracování a digitalizace analogových signálů. K řešení práce je použita hardwarová výuková platforma NI Elvis II® od firmy National Instruments® a simulační software Mulsitim® s využitím prvků Labview®. Diplomová práce je rozdělena do několika tematických celků. Úvodní kapitoly jsou věnovány popisu současného stavu výuky zpracování a digitalizace analogového signálu na Fakultě elektrotechnické ČVUT a na vysokých školách obdobného zaměření. Kromě popisu současného stavu výuky je také rozebráno, v jakém stavu se nachází výuka předmětu A3M38ZDS. V další části jsou představeny koncepty inovovaných úloh doplněné o jejich rozbor. Předposlední část obsahuje popis prostředí simulačního software Multisim® a popis hardwarové výukové platformy NI Elvis II®. Závěrečná část je obsahuje porovnání výsledků simulací a reálných měření.},
  langid      = {czech},
  pagetotal   = {104},
  file        = {/home/daniel/Documents/Zotero/storage/9ID436YT/Kozelka - Inovace úloh do předmětu Zpracování a digitalizace.pdf}
}

@misc{IntroductionOscilloscope2005,
  title    = {Introduction to oscilloscope},
  author   = {{Department of Electrical and Computer Engineering at Portland State University}},
  date     = {2005},
  abstract = {Oscilloscopes are tools that allow engineers to view signals graphically. The oscilloscope, often just called the scope, displays the signals as a plot of magnitude versus time. There are two types of oscilloscopes: analog and digital. Analog oscilloscopes use a cathode ray tube and display the signal much like a television set displays an image. Digital oscilloscopes sample the signals digitally and are more flexible in how they display, manipulate, and store the signals.},
  langid   = {Angličtina},
  file     = {/home/daniel/Documents/Zotero/storage/D674H2L8/Department of Electrical and Computer Engineering at Portland State University - 2005 - Introduction to oscilloscope.pdf}
}

@misc{IoTAnebInternet2023,
  title    = {IoT aneb Internet věcí},
  author   = {Židek, Daniel},
  date     = {2023-04-03},
  abstract = {Pro svoji seminární práci jsem si vybral téma IoT a dnešní aplikace takzvaného In- ternetu věcí. Myslím že je to téma hodnější vyšší pozornosti, než je momentálně kolem AI, ačkoliv je i strojové učení a další prvky označené jako AI pozoruhodným milníkem lidstva.},
  langid   = {czech},
  file     = {/home/daniel/Documents/Zotero/storage/3Y35ZS42/Židek - 2023 - IoT aneb Internet věcí.pdf}
}

@thesis{JednoducheLaboratorniPristroje2021,
  title       = {Jednoduché laboratorní přístroje pro výuku realizované mikrořadiči ATmega 328 a STM32},
  author      = {Novák, Stanislav},
  date        = {2021-08},
  institution = {{České vysoké učení technické v Praze}},
  abstract    = {Tato práce se zabývá realizacemi měřících přístrojů realizované mikrořadiči STM32 a ATmega328. Práce obsahuje popis parametrů, nedokonalostí, a návody k použití k jednotlivým realizacím. Realizace byly byly otestovány na různých platformách a jejich reálné parametry byly srovnány s deklarovanými popisy autorů. Práce má soužít jako zdroj informací pro zájemce o elektroniku, kteří hledají levnou alternativu k přístrojům pro profesionální využití.},
  langid      = {czech},
  pagetotal   = {51},
  file        = {/home/daniel/Documents/Zotero/storage/6QN9FSAH/Novák - 2021 - Jednoduché laboratorní přístroje pro výuku realizo.pdf}
}

@thesis{LaboratorniMericiPristroj2023,
  title       = {Laboratorní měřící přístroj s mikrořadičem STM32G031 pro výukové účely},
  author      = {Bittman, Jan},
  date        = {2023},
  institution = {{České vysoké učení technické v Praze}},
  abstract    = {Náplní této diplomové práce je navrhnout, a s použitím mikrokontroléru STM32G031 realizovat, univerzální laboratorní měřící přístroj pro výuku základů elektroniky. Přístroj obsahuje funkce tříkanálového osciloskopu, voltmetru , dvoukanálového impulsního generá- toru PWM a čítače pro měření frekvence a střídy signálu. Pro vzorkování v ekvivalentním čase s využitím interního impulzního generátoru je zajištěno jemné nastavovaní frekvence vzorkování i generovaného signálu. Jako ovládací aplikace slouží univerzální PC program Data Plotter.},
  langid      = {czech},
  pagetotal   = {64},
  file        = {/home/daniel/Documents/Zotero/storage/E4CU4Q2F/Bittman - 2023 - Laboratorní měřící přístroj s mikrořadičem STM32G0.pdf}
}

@online{LEOLittleEmbeddeda,
  title    = {{{LEO}} - {{Little Embedded Oscilloscope}} | {{Embedded}} Server},
  url      = {https://embedded.fel.cvut.cz/platformy/leo},
  urldate  = {2023-08-31},
  keywords = {import},
  file     = {/home/daniel/Documents/Zotero/storage/BHXL4WPU/leo.html}
}

@thesis{LogickyAnalyzatorMikroradicem2020,
  title       = {Logický analyzátor s mikrořadičem},
  author      = {Vaněček, Vít},
  date        = {2020-05},
  institution = {{České vysoké učení technické v Praze}},
  abstract    = {Tato práce se zaměřuje na návrh logického analyzátoru pro výukové účely za pomocí mikrořadiče. Cílem je dosáhnout co nejjednoduššího obvodového řešení, čehož je dosaženo použitím mikrořadiče STM32F303RE osazeného na desce Nucleo a počítačové aplikace PulseView pro vizualizaci a analýzu dat. V práci je nejdříve navržen firmware pro pou- žitý mikrořadič, využívající hardwarové prostředky mikrořadiče pro dosažení co nejlepších parametrů logického analyzátoru. Následně je navrhnut komunikační protokol pro zajiš- tění komunikace mezi mikrořadičem a počítačovou aplikací. Na konec je modifikována počítačová aplikace PulseView pro přidání podpory navrženého zařízení a komunikačního protokolu.},
  langid      = {czech},
  pagetotal   = {44},
  file        = {/home/daniel/Documents/Zotero/storage/MYGKSAC9/Vaněček - 2020 - Logický analyzátor s mikrořadičem.pdf}
}

@misc{MaleDruzice2019,
  title    = {Malé družice},
  author   = {Ondráček, Petr},
  date     = {2019-06-25},
  abstract = {Technologie malých družic provozovaných na nízkých oběžných drahách od 400 do 1200 km díky malým rozměrům a hmotnostem do 1000 kg, používáním běžné produkce pro jejich stavbu a provoz jak družic, tak pozemních stanic, možností být vynášeny do kosmu jako součást misí velkých družic, zkrácení doby předstartovních testů a délce misí do 3 let umožňuje podstatné snížení finančních nákladů. To otevírá dveře participaci malých výrobních podniků, akademických a výzkumných týmů a dalších amatérských zájemců.},
  langid   = {czech},
  file     = {/home/daniel/Documents/Zotero/storage/RIJGJCAH/Ondráček - 2019 - Malé družice.pdf}
}

@thesis{Mapovani3DProstoru2015,
  title       = {Mapování 3D prostoru pomocí LIDARových dat},
  author      = {Mada, Martin},
  date        = {2015-05-07},
  institution = {{VŠB - Technická univerzita Ostrava}},
  location    = {{Ostrava}},
  abstract    = {V dnešní době má mapování okolního prostoru obrovské využití v mnoha technických odvětvích. Příkladem může být jeho použití pro lokalizaci automobilů a jiných vozidel, dále pak realistické 3D modely budov nebo jiných prostor a v neposlední řadě má velké uplatnění v robotice. Jednou z nejpoužívanějších a nejzajímavějších metod mapování je v současnosti mapování pomocí technologie LIDAR, respektive pomocí LIDARového ske- neru. V této práci popisuji několik základních metod pro mapování a také implementaci jedné z nich.},
  langid      = {czech},
  pagetotal   = {42},
  file        = {/home/daniel/Documents/Zotero/storage/RH9SXBFC/Mada_2015_Mapování 3D prostoru pomocí LIDARových dat.pdf}
}

@misc{MartinDurchC3,
  title = {Martin+{{Durch}}\%{{C3}}\%{{A1nek}}.Pdf},
  file  = {/home/daniel/Documents/Zotero/storage/QNG9RFW5/Martin+Durch%C3%A1nek.pdf}
}

@thesis{MechanickeElektromechanickePocitaci2015,
  title       = {Mechanické a elektromechanické počítací stroje},
  author      = {Stradiotová, Marie},
  date        = {2015-05},
  institution = {{Univerzita Hradec Králové}},
  location    = {{Hradec Králové}},
  abstract    = {Práce popisuje historický vývoj mechanických a elektromechanických počítacích strojů od nejstarších mechanických kalkulátorů přes diferenční stroje až po šifro- vací stroje a první elektromechanické počítače používané ve druhé světové válce. Výstupem jsou webové stránky, na kterých jsou uvedeny informace o některých vynálezcích a jejích strojích, obrázky a videa, která tyto stroje popisují.},
  langid      = {czech},
  pagetotal   = {160},
  file        = {/home/daniel/Documents/Zotero/storage/25JDJG39/Stradiotová - 2015 - Mechanické a elektromechanické počítací stroje.pdf}
}

@misc{MegoPCOsciloskop,
  title = {Mego - {{PC}} Osciloskop - Hardwarová {{Ċasť}}.Pdf},
  file  = {/home/daniel/Documents/Zotero/storage/R38A644Q/Mego - PC osciloskop - hardwarová Ċasť.pdf}
}

@misc{MereniNE555Osciloskopem,
  title        = {Měření NE555 osciloskopem},
  author       = {{VSPŠ}},
  langid       = {czech},
  organization = {{Vyšší odborná škola a Štřední průmyslový škola Šumperk}},
  file         = {/home/daniel/Documents/Zotero/storage/A4LG7K7E/VSPŠ - Měření NE555 osciloskopem.docx;/home/daniel/Documents/Zotero/storage/LAN8GAU8/VSPŠ - Měření NE555 osciloskopem.pdf}
}

@misc{MetodickePokynyPro2011,
  title        = {Metodické pokyny pro normalizaci},
  author       = {{Úřad pro technickou normalizaci, metrologii a státní zkušebnictví}},
  date         = {2011-11-01},
  url          = {https://www.agentura-cas.cz/sites/default/files/public/download/Metodicke_pokyny/MPN1_2011_02.pdf},
  urldate      = {2023-08-12},
  abstract     = {Úřad pro technickou normalizaci, metrologii a státní zkušebnictví vydává tyto metodické pokyny, aby poskytl jednotná pravidla pro zpracování, stavbu, členění a úpravu českých technických norem a dalších dokumentů, které obsahují informace týkající se technické normalizace. Tyto metodické pokyny nahrazují MPN 1:2006 Stavba, členění a úprava českých technických norem.},
  langid       = {czech},
  organization = {{Úřad pro technickou normalizaci, metrologii a státní zkušebnictví}},
  file         = {/home/daniel/Documents/Zotero/storage/FMCNBEBS/Úřad pro technickou normalizaci, metrologii a státní zkušebnictví - 2011 - Zpracování, stavba, členění a úprava českých techn.pdf}
}

@misc{MetodikaNavrhuPlosnych,
  title  = {Metodika návrhu plošných spojů},
  author = {{Semach}},
  url    = {http://semach.hobrasoft.cz/pdf/metodika.pdf},
  langid = {czech},
  file   = {/home/daniel/Documents/Zotero/storage/H4WFT883/Semach - Metodika návrhu plošných spojů.pdf}
}

@thesis{NavrhRealizaceElektroniky2017,
  title       = {Návrh a realizace elektroniky a software autonomního mobilního robotu},
  author      = {Meindl, Jan},
  date        = {2017},
  institution = {{Vysoké Učení Technické v Brně}},
  location    = {{Brno}},
  abstract    = {Diplomová práce se zabývá návrhem a realizací vestavěného řídicího systému a naviga- čního softwaru autonomního mobilního robotu DACEP. Rešeršní část se věnuje výběru senzorického vybavení. V práci je popsán návrh vestavěného řídicího systému a komunika- čního rozhraní mezi tímto systémem a nadřazeným počítačem. Součástí práce je vytvoření lokalizačního a navigačního softwaru, ke kterému je použit framework ROS. Důraz je kla- den na to, aby tato část byla co nejvíce návodná pro pomoc pří vývoji robotu podobné konstrukce. V rámci diplomové práce bylo vytvořeno grafické rozhraní, které slouží pro diagnostiku robotu a jeho vzdálené řízení.},
  langid      = {czech},
  pagetotal   = {77},
  file        = {/home/daniel/Documents/Zotero/storage/MVQWINLD/Meindl - 2017 - Návrh a realizace elektroniky a software autonomní.pdf}
}

@unpublished{NavrhSimulaceOvereni2012,
  title  = {Návrh, Simulace a Ověření Elektronických Obvodů Na Platformě {{NI ELVIS}} a {{Multisim}}},
  author = {Vala, Roman},
  date   = {2012-04-13},
  file   = {/home/daniel/Documents/Zotero/storage/4A3LQQTR/Vala - 2012 - Návrh, simulace a ověření elektronických obvodů na.PDF}
}

@thesis{NavrhVestavnychPristroju2015,
  title       = {Návrh vestavných přístrojů za použití mikrokontrolérů STM32},
  author      = {Svítil, Tomáš},
  date        = {2015-12-14},
  institution = {{České vysoké učení technické v Praze}},
  abstract    = {Tato práce se zabývá možnostmi implementace funkce tradičních přístrojů např. volt- metru, měřiče frekvence či osciloskopu jako vestavných přístrojů realizovaných pomocí mikrokon- trolérů. Tyto vestavné přístroje byly implementovány pomocí online IDE mbed a frameworku od ST: STM32 Cube. Pro demonstraci možností impementace byly vytvořeny terminálově ovlá- dané aplikace pro měření napětí, frekvence (přímo i nepřímo), generování napětí i PWM signálů. Pomocí mbedu byla také vytvořena samostatná měřící aplikace se zobrazením na LCD. Pomocí Cube byla vytvořena aplikace včetně PC frontendu pro 3 kanálové měření napětí, 1 kanálové nepřímé měření frekvence a střídy, jednoduché čítání pulzů, generování 2 PWM signálů a gen- erování napětí a také osciloskopická aplikace včetně PC frontendu. Nakonec byla prozkoumána omezení takto vytvořených přístrojů. Jako nejpřesnější periferie se ukázaly časovače. Na AČP všech mikrokontrolérů byl přítomen šum, ale bylo možné jej potlačit průměrováním.},
  langid      = {czech},
  pagetotal   = {85},
  file        = {/home/daniel/Documents/Zotero/storage/WXXUMGWR/Svítil - 2015 - Návrh vestavných přístrojů za použití mikrokontrol.pdf}
}

@article{NavrhVyvojovehoKitu,
  title    = {Návrh vývojového kitu s obvodem FPGA},
  author   = {Zach, Petr},
  abstract = {This bachelor thesis focuses on the design of a FPGA development kit for the development and implementation of logic circuits. The first chapter describes the various types of programmable logic devices and compares their advantages and disadvantages. Furthermore, the first chapter also describes the most common configurations of programmable logic devices and compares them to each other. The second chapter provides an in-depth description of the 7 series Xilinx FPGA architecture. The third chapter describes the design of the development kit and the programming device. Furthermore, the third chapter summarizes the available resources of the used FPGA as well as the devices and ports that are part of the development kit, and compares the development kit to other development kits available on the market. The final chapter outlines the process of producing and testing a development kit prototype.},
  langid   = {czech}
}

@article{NePrilisStrucny,
  title  = {Ne příliš stručný úvod do systému LATEX 2ε},
  author = {Oetiker, Tobias and Partl, Hubert and Kočer, Michal and Sýkora, Pavel},
  langid = {czech}
}

@misc{NVIDIAADAGPU2022,
  title        = {NVIDIA ADA GPU Architecture},
  date         = {2022},
  abstract     = {Designed to deliver outstanding gaming and creating, professional graphics, AI, and compute performance.},
  langid       = {Angličtina},
  organization = {{NVIDIA}},
  file         = {/home/daniel/Documents/Zotero/storage/Q538XDRH/2022 - NVIDIA ADA GPU Architecture.pdf}
}

@unpublished{NVIDIASessionGaming2022,
  title  = {{{NVIDIA Session}} 1: {{Gaming Technology}}, {{Architecture}} and {{Products}}},
  author = {Spitzer, John and Alben, Jonah and Catanzaro, Bryan and Walker, Justin},
  date   = {2022},
  file   = {/home/daniel/Documents/Zotero/storage/WMPJ96JR/Spitzer et al. - NVIDIA Session 1 Gaming Technology, Architecture .pdf}
}

@unpublished{NVIDIASessionNVIDIA2022,
  title  = {{{NVIDIA Session}} 2: {{NVIDIA Studio}}, {{Racer RTX}} Ans {{RTX Remix}}},
  author = {Delgado, Gerardo and Johnston, Dane and Usmani, Nyle},
  date   = {2022},
  file   = {/home/daniel/Documents/Zotero/storage/9H6VTIVZ/Delgado et al. - 2022 - NVIDIA Session 2 NVIDIA Studio, Racer RTX ans RTX.pdf}
}

@misc{OetikerNePrilis,
  title = {Oetiker et al. - {{Ne}} Příliš Stručný Úvod Do Systému {{LATEX}} 2ε.Pdf},
  file  = {/home/daniel/Documents/Zotero/storage/H8IYQ6YE/Oetiker et al. - Ne příliš stručný úvod do systému LATEX 2ε.pdf}
}

@misc{OscilloscopeFundamentals,
  title        = {Oscilloscope Fundamentals},
  author       = {{Rohde\&Schwarz}},
  langid       = {Angličtina},
  organization = {{Rohde \& Schwarz USA, Inc.}},
  file         = {/home/daniel/Documents/Zotero/storage/7IX2HF3X/oscilloscopefundamentals.pdf}
}

@article{OscilloscopePcBasedReal2014,
  entrysubtype = {magazine},
  title        = {Oscilloscope: A Pc-Based Real Time Oscilloscope},
  author       = {Patil, Dhanshri Damodar},
  date         = {2014-04},
  journaltitle = {Int. Journal of Engineering Research and Applications},
  volume       = {4},
  number       = {4},
  pages        = {253--258},
  issn         = {2248-9622},
  abstract     = {The scenery of this paper is to design a PC- based Real Time Oscilloscope, called “Qscilloscope”. Qscilloscope is capable to connect a computer with a small device via universal serial bus (USB) port for voltage signal waveform display and alteration. It detects maximum +20V to minimum -20V with the input frequency range from 0.1Hz - 1 kHz. Furthermore, it interfaces with host PC via the USB port from 9.6k to 115.2k baud rate. Qscilloscope Software Application is constructed by using Visual Basic .Net for user to interface the device with a well designed Graphic User Interface. It consists of several embedded features such as open, save and print waveform. By changing the scaling properties and graphic properties, users are allowed to modify the input signal to a desired output waveform.},
  langid       = {Angličtina},
  file         = {/home/daniel/Documents/Zotero/storage/BQ5FSXH4/Patil - 2014 - Oscilloscope A Pc-Based Real Time Oscilloscope.pdf}
}

@misc{PCBDesignTutorial2004,
  title    = {PCB Design Tutorial},
  author   = {Jones, David L.},
  date     = {2004-06-29},
  abstract = {You've designed your circuit, perhaps even bread boarded a working prototype, and now it's time to turn it into a nice Printed Circuit Board (PCB) design. For some designers, the PCB design will be a natural and easy extension of the design process. But for many others the process of designing and laying out a PCB can be a very daunting task. There are even very experienced circuit designers who know very little about PCB design, and as such leave it up to the "expert" specialist PCB designers. Many companies even have their own dedicated PCB design departments. This is not surprising, considering that it often takes a great deal of knowledge and talent to position hundreds of components and thousands of tracks into an intricate (some say artistic) design that meets a whole host of physical and electrical requirements. Proper PCB design is very often an integral part of a design. In many designs (high speed digital, low level analog and RF to name a few) the PCB layout may make or break the operation and electrical performance of the design. It must be remembered that PCB traces have resistance, inductance, and capacitance, just like your circuit does. This article is presented to hopefully take some of the mystery out of PCB design. It gives some advice and “rules of thumb” on how to design and lay out your PCBs in a professional manner. It is, however, quite difficult to try and “teach” PCB design. There are many basic rules and good practices to follow, but apart from that PCB design is a highly creative and individual process. It is like trying to teach someone how to paint a picture. Everyone will have their own unique style, while some people may have no creative flair at all! Indeed, many PCB designers like to think of PCB layouts as works of art, to be admired for their beauty and elegance. “If it looks good, it’ll work good.” is an old catch phrase. Lets have a go shall we...},
  langid   = {Angličtina},
  file     = {/home/daniel/Documents/Zotero/storage/4GCIL99Y/Jones - 2004 - PCB Design Tutorial.pdf}
}

@article{PCOsciloskopHardwarova,
  title    = {PC osciloskop - hardwarová Ċasť},
  author   = {Mego, Roman},
  abstract = {The aim of the bachelor`s thesis is to design and construct a device, which will be used as oscilloscope and logic analyzer. This document contains a basic list of attributes of oscilloscopes, which are used in designing. In the next part of document, block diagram is shown, which is analyzed by functional blocks to the circuit diagram. Third part of the document describes, algorithm for controlling and data capturing. The end of the document is dealing with realization of hardware and software parts.},
  langid   = {slovak}
}

@book{PortyBajtyOsmibity2019,
  title      = {Porty, bajty, osmibity: počítače na koleni},
  shorttitle = {Porty, bajty, osmibity},
  author     = {Malý, Martin},
  date       = {2019},
  edition    = {1. vydání},
  publisher  = {{CZ.NIC, z.s.p.o.}},
  location   = {{Praha}},
  isbn       = {978-80-88168-39-3},
  langid     = {czech},
  pagetotal  = {388},
  annotation = {OCLC: 1107853696},
  file       = {/home/daniel/Documents/Zotero/storage/T63ZQ73W/Malý - 2019 - Porty, bajty, osmibity počítače na koleni.pdf}
}

@unpublished{PowerTracePCB,
  title  = {Power Trace on {{PCB}}},
  author = {Novotný, Jan},
  file   = {/home/daniel/Documents/Zotero/storage/SGRJNJCP/Zaverecna_Power_trace_on_PCB_Novotny_Jan.pptx}
}

@thesis{RaspberryPiPico2023,
  title       = {Raspberry Pi Pico osciloskop s webovým uživatelským rozhraním},
  author      = {Fiala, Jan},
  date        = {2023-05-26},
  institution = {{České vysoké učení technické v Praze}},
  location    = {{Praha}},
  abstract    = {Cílem této práce je návrh a implementace softwarově definovaného osciloskopu založeného na mikrokontrolu Raspberry Pi Pico ve spojením s webovým uživatelským rozrhaní. Součástí této práce je implementace obou částí osciloskopu – firmwaru pro Raspberry Pi Pico i webového rozhraní. Navržený osciloskop má tři kanály, PWM generátor a podporuje záznam signálu metodou equivalent time sampling. Pro komunikaci mezi mikrokontrolerem a uživatelským rozhraním je použito rozhraní WebUSB API.},
  langid      = {czech},
  pagetotal   = {43},
  file        = {/home/daniel/Documents/Zotero/storage/K5UYR27G/Fiala - 2023 - Raspberry Pi Pico osciloskop s webovým uživatelský.pdf}
}

@online{RealTimeEquivalentTimeSampling,
  title    = {Real-{{Time Versus Equivalent-Time Sampling}}},
  url      = {https://www.tek.com/en/documents/application-note/real-time-versus-equivalent-time-sampling},
  urldate  = {2023-09-04},
  abstract = {As the popularity of Digital Storage Oscilloscopes has grown, a need has arisen for understanding their operating modes and performance characteristics. This technical brief describes two of the},
  langid   = {english},
  file     = {/home/daniel/Documents/Zotero/storage/8FIEBFXP/real-time-versus-equivalent-time-sampling.html}
}

@misc{RigolDS1054ZSchematicFrontEndPdf,
  title = {Rigol-{{DS1054Z-Schematic-FrontEnd}}.Pdf},
  file  = {/home/daniel/Documents/Zotero/storage/MM444K8L/Rigol-DS1054Z-Schematic-FrontEnd.pdf}
}

@thesis{SamocinneRizeniModelu2020,
  title       = {Samočinné řízení modelu vozidla},
  shorttitle  = {Samočinné řízení modelu vozidla},
  author      = {Hazucha, Ivan},
  date        = {2020-10-30},
  institution = {{Vysoké Učení Technické v Brně}},
  abstract    = {Cieľom práce je demonštrácia možností samočinného riadenia modelu vozidla, so zamera- ním na metódy plánovania lokálnej trajektórie a vyhýbania sa prekážkam. V rámci práce bol model doplnený o výpočtovú platformu Raspberry Pi a vhodné senzory. Konkrétne 2D LiDAR na detekciu a meranie vzdialenosti okolitých objektov, inkrementálny rotačný enkóder na meranie urazenej vzdialenosti a aktuálnej rýchlosti, a gyroskop, ktorý sníma re- latívnu orientáciu vozidla. Následne bol implementovaný riadiaci systém schopný prijímať a spracovávať senzorové dáta, využiť ich pri odhade aktuálnej polohy a výpočte optimálnej trajektórie v nezmapovanom prostredí, a podľa parametrov tejto trajektórie ovládať akčné členy na ceste do cieľovej destinácie. Výsledkom je funkčný model vozidla schopný navi- gácie v neznámom prostredí a dosiahnutia zadaných cieľov jazdou po trajektórii tvorenej dynamicky v závislosti na okolitých prekážkach.},
  langid      = {czech},
  pagetotal   = {59},
  file        = {/home/daniel/Documents/Zotero/storage/E87Z2X85/Hazucha - 2020 - Samočinné řízení modelu vozidla.pdf}
}

@thesis{SoftwaredefinedOscilloscopesTerminal2022,
  title       = {Software-defined oscilloscopes with terminal interface},
  author      = {Dujava, Jozef},
  date        = {2022-05},
  institution = {{České vysoké učení technické v Praze}},
  abstract    = {This thesis is focused on the design and implementation of software-defined instruments, primarily for teaching purposes. The main instrument is a mixed-signal oscilloscope capable of both real-time and equivalent-time sampling. Additionally, pulse generators, arbitrary generators and a frequency counter were also implemented. The implemented firmware was adapted for multiple types of STM32 microcontrollers. A terminal user interface for the software-defined instruments was implemented directly within the microcontroller firmware. The universal PC application ’Data Plotter’ is used to display acquired oscilloscope data and access the te},
  langid      = {Angličtina},
  pagetotal   = {169},
  file        = {/home/daniel/Documents/Zotero/storage/XIM5DXIG/Dujava - 2022 - Software-defined oscilloscopes with terminal inter.pdf}
}

@thesis{SoftwaroveDefinovanaMultifunkcni2018,
  title       = {Softwarově definovaná multifunkční laboratorní přístroj},
  author      = {Dibelka, Jakub},
  date        = {2018},
  institution = {{České vysoké učení technické v Praze}},
  location    = {{Praha}},
  abstract    = {Diplomová práce se zabývá návrhem a realizacı́ multifunkčnı́ho laboratornı́ho přı́stroje implementovaného na mikrořadičı́ch řady STM32 s využitı́m vnitřnı́ch funkčnı́ch bloků a periferiı́. Součástı́ práce je dále návrh řı́dı́cı́ multiplatformnı́ aplikace pro osobnı́ počı́tače představujı́cı́ nástroj pro řı́zenı́ laboratornı́ho přı́stroje a pro vizualizaci změřených dat s možnostı́ dalšı́ho post processingu. V práci jsou diskutovány různé přı́stupy realizacı́ jednotlivých funkčnı́ch bloků, jejich výhody a nevýhody, ale také vybraná vývojová prostředı́. V poslednı́ části je proveden popis nejvhodnějšı́ metody realizujı́cı́ osciloskop, logický analyzátor, voltmetr, čı́tač a impulznı́ generátor.},
  langid      = {czech},
  pagetotal   = {77},
  file        = {/home/daniel/Documents/Zotero/storage/MHY687VB/Dibelka - 2018 - Softwarově definovaná multifunkční laboratorní pří.pdf}
}

@misc{StatusJamesWebb,
  title    = {Status of the {{James Webb Space Telescope Integrated Science Instrument Module System}}},
  author   = {Greenhouse, Matthew A.},
  abstract = {The Integrated Science Instrument Module (ISIM) of the James Webb Space Telescope (JWST) is discussed from a systems perspective with emphasis on development status and advanced technology aspects. The ISIM is one of three elements that comprise the JWST space vehicle and is the science instrument payload of the JWST. The major subsystems of this flight element and their build status are described.},
  file     = {/home/daniel/Documents/Zotero/storage/DCLEIUUQ/Greenhouse - Status of the James Webb Space Telescope Integrate.pdf}
}

@thesis{SurveillanceUAV2014,
  title       = {Surveillance UAV},
  author      = {Gallagher, Andrew and Guayaquil, Steve and McIntyre, Walter and Niro, Arianna and Puzzi, Antonio and Uygur, Arman},
  date        = {2014},
  institution = {{Worcester Polytechnic Institute}},
  abstract    = {Surveillance is critical for military, law enforcement, and search and rescue operations. In the past, stealth aircraft and helicopters were used for these types of missions. Recently however, unmanned aerial vehicles (UAVs) have grown in popularity and are an excellent resource that can be utilized for surveillance missions. Since this is a common capability of drones, this project sought to create a surveillance UAV that was autonomous, inexpensive, lightweight, and easy to manufacture. The drone was designed as a quadrotor that houses two cameras with a wireless transmission system that provides live feed from the cameras to the ground station. It was also intended to be able to carry a payload for future developments. Though not all of the goals were fully realized by the project’s conclusion due to stability and networking complications, the drone met size and cost standards, and could successfully localize its position with GPS and IMU sensors. Additionally, its controls were understood through simulation and testing.},
  langid      = {Angličtina},
  pagetotal   = {110},
  file        = {/home/daniel/Documents/Zotero/storage/VZ96I2D7/Gallagher et al. - 2014 - Surveillance UAV.pdf}
}

@misc{Talpa,
  title = {Talpa},
  file  = {/home/daniel/Documents/Zotero/storage/5DVRPLYP/SPŠ-SIM-E2-1 (1).pdf;/home/daniel/Documents/Zotero/storage/C98LPEZ4/6_ELE - Elektronické zdroje (1) (8).pptx;/home/daniel/Documents/Zotero/storage/D4HUHNC9/2_ELE - Sério-paralelní zapojení (2).pptx;/home/daniel/Documents/Zotero/storage/MWIIZVJZ/4_ELE - Trojfázová soustava (1) (1) (1).pptx;/home/daniel/Documents/Zotero/storage/NVHSHV3E/5_ELE - Elektroinstalace.pptx;/home/daniel/Documents/Zotero/storage/P3LRYZT7/7_ELE - Zesilovače.pptx;/home/daniel/Documents/Zotero/storage/QYN8A86A/Čtvrtletní práce - zdroj.pptx;/home/daniel/Documents/Zotero/storage/S2E37WRZ/1_ELE - Základy střídavého proudu.pptx;/home/daniel/Documents/Zotero/storage/SJ2G7E4Y/ELE - TEK_Značky.pptx}
}

@misc{TechnickaDokumentaceElektrotechnice2012,
  title   = {Technická dokumentace v elektrotechnice},
  author  = {Hort, Jiří},
  date    = {2012},
  url     = {https://www.zamekkurim.cz/security/Dum%20-%20Digitalni%20ucebni%20materialy/16_Sada_Elektrotechnicka_schemata_a_plosne_spoje/VY_32_INOVACE_16_01_Technicka_dokumentace.pdf},
  urldate = {2023-08-12},
  langid  = {czech},
  file    = {/home/daniel/Documents/Zotero/storage/4BH2T7GR/VY_32_INOVACE_16_01_Technicka_dokumentace.pdf}
}

@unpublished{TechnickaDokumentaceElektrotechnicke,
  title  = {Technická dokumentace - elektrotechnické kreslení},
  author = {Chmiel, Pavel},
  langid = {czech},
  file   = {/home/daniel/Documents/Zotero/storage/FZNGE9SU/Chmiel - TECHNICKÁ DOKUMENTACE Elektrotechnické kreslení.pdf}
}

@misc{The_Art_And_Science_Of_Analog_Circuit_Design_PCBPdf,
  title = {The\_{{Art}}\_{{And}}\_{{Science}}\_{{Of}}\_{{Analog}}\_{{Circuit}}\_{{Design}}\_{{PCB}}.Pdf},
  file  = {/home/daniel/Documents/Zotero/storage/FMU9XLNF/The_Art_And_Science_Of_Analog_Circuit_Design_PCB.pdf}
}

@article{ThisCombinationDigital,
  title  = {This Combination of a Digital Oscilloscope and a Logic Timing Analyzer Provides Powerful Cross-Domain Triggering Capabilities for Capturing Signals in Mixed-Signal Environments. {{MegaZoom}} Technology, Consisting of Advanced Acquisition Techniques and Dedicated Signal Processing, Maintains Display Responsiveness While Making Optimal Use of Deep Sample Memory.},
  author = {Holcomb, Matthew S and Hall, Stuart O and Tustin, Warren S and Burkart, Patrick J and Roach, Steven D},
  langid = {english}
}

@article{TvorbaOpenSource,
  title  = {Tvorba open source softwaru},
  author = {Fogel, Karl},
  langid = {czech}
}

@thesis{UniverzalniGUIPro2021,
  title       = {Univerzální GUI pro osciloskopické PC aplikace},
  author      = {Maier, Jiří},
  date        = {2021-05},
  institution = {{České vysoké učení technické v Praze}},
  abstract    = {Tato práce se zabývá návrhem a tvorbou grafické aplikace pro zobrazení a zpracování měřených dat přicházejících z mikrokontroleru. Aplikace je navržena s ohledem na univer- zální použití se softwarově definovanými přístroji jako například osciloskop nebo logický analyzátor. Významnou součástí je komunikační terminál, podporující ANSI escape sekvence, umožňující vytvořit pseudografické rozhraní pro zobrazení měřených hodnot a nastavení přístroje. Terminál dokonce umožňuje vytvoření interaktivního menu pro ovládání přístroje. Součástí aplikace je i výpočet spektra pomocí FFT, interpolace signálu a výpočet frekvence. Aplikace je vytvořena v programovacím jazyce C++ s použitím Qt framework a komponenty QCustomPlot. V rámci práce byl také vytvořen osciloskop založený na mikrokontroleru STM32.},
  langid      = {czech},
  pagetotal   = {158},
  file        = {/home/daniel/Documents/Zotero/storage/NIKR8ABV/Maier - 2021 - Univerzální GUI pro osciloskopické PC aplikace.pdf}
}

@thesis{UniverzalniPrijimacHromadneho2012,
  title       = {Univerzální přijímač hromadného dálkového ovládání},
  author      = {Sidek, Vojtěch},
  date        = {2012-05-11},
  institution = {{České vysoké učení technické v Praze}},
  abstract    = {Práce se zabývá návrhem a implementací univerzálního přijímače pro systém hromadného dálkového ovládání (HDO). Zařízení je postaveno okolo jednočipového mikrokontroléru z rodiny MSP430. Mezi hlavní funkce patří ovládání připojených relé podle aktuálního nastavení a obsahu přijatých datagramů a jejich ukládání do paměti EEPROM včetně časového údaje, který poskytuje připojený obvod reálného času (RTC). Jako vstupní blok je použita část HDO přijímače FMX 100/300. Uživatelské rozhraní tvoří displej a několik tlačítek nebo jednoduché znakové rozhraní přes sériovou linku. Z bezpečnostních důvodů je rozhraní sériové linky galvanicky odděleno optočleny a předpokládá se použití převodníku na moderní rozhraní USB.},
  langid      = {czech},
  pagetotal   = {75},
  file        = {/home/daniel/Documents/Zotero/storage/DPDIUXIA/Sidek - 2012 - Univerzální přijímač hromadného dálkového ovládání.pdf}
}

@misc{VadinskyDIGITALNIOSCILOSKOP,
  title = {Vadinský - {{DIGITALNÍ OSCILOSKOP SE SBĚRNICÍ USB}}.Pdf},
  file  = {/home/daniel/Documents/Zotero/storage/HU5GRWWP/Vadinský - DIGITALNÍ OSCILOSKOP SE SBĚRNICÍ USB.pdf}
}

@unpublished{VestavneSystemyMPCPOR2021,
  title  = {1: Vestavné systémy (MPC-POR)},
  author = {Bradáč, Zdeněk and Arm, Jakub},
  date   = {2021},
  langid = {czech},
  venue  = {{Fakulta elektrotechniky a komunikačních technologií VUT v Brně}},
  file   = {/home/daniel/Documents/Zotero/storage/ELE4X8A6/Bradáč a Arm - 2021 - Vestavné systémy (MPC-POR).pdf}
}

@unpublished{VnejsiPeriferieUzivatelska2021,
  title  = {5: Vnější periferie, Uživatelská rozhraní},
  author = {Bradáč, Zdeněk and Baštán, Ondřej},
  date   = {2021},
  langid = {czech},
  venue  = {{Fakulta elektrotechniky a komunikačních technologií VUT v Brně}},
  file   = {/home/daniel/Documents/Zotero/storage/EI42KSBX/Bradáč a Baštán - 2021 - Uživatelská rozhrání.pdf}
}

@misc{ZachNavrhVyvojoveho,
  title = {Zach - {{Návrh}} Vývojového Kitu s Obvodem {{FPGA}}.Pdf},
  file  = {/home/daniel/Documents/Zotero/storage/KAPMPRF6/Zach - Návrh vývojového kitu s obvodem FPGA.pdf}
}

@misc{ZakladniElektrickeVeliciny,
  title        = {Základní elektrické veličiny 1},
  author       = {{VSPŠ}},
  langid       = {czech},
  organization = {{Vyšší odborná škola a Štřední průmyslový škola Šumperk}},
  file         = {/home/daniel/Documents/Zotero/storage/5RRVCQCI/SPS-ELE-1-1-PRX-uloha-1-11-U a I.pdf;/home/daniel/Documents/Zotero/storage/A3JI5T5H/SPS-ELE-1-1-PRX-uloha-1-12-R.pdf;/home/daniel/Documents/Zotero/storage/W35YAZ2P/SPS-ELE-1-1-PRX-uloha-1-15-L a Tr.pdf;/home/daniel/Documents/Zotero/storage/WDVBYDTP/SPS-ELE-1-1-PRX-uloha-1-13-potenciometr.pdf;/home/daniel/Documents/Zotero/storage/X6WKRI42/SPS-ELE-1-1-PRX-uloha-1-14-C.pdf}
}

@misc{ZakladniElektrickeVelicinya,
  title        = {Základní elektrické veličiny 2},
  author       = {{VSPŠ}},
  langid       = {czech},
  organization = {{Vyšší odborná škola a Štřední průmyslový škola Šumperk}},
  file         = {/home/daniel/Documents/Zotero/storage/8Z5SKAZP/SPS-ELE-1-2-PRX-uloha-1-22-Z diody.pdf;/home/daniel/Documents/Zotero/storage/92IRP46I/SPS-ELE-1-2-PRX-uloha-1-23-LED.pdf;/home/daniel/Documents/Zotero/storage/FKZ2G5QW/SPS-ELE-1-2-PRX-uloha-1-21-diody.pdf;/home/daniel/Documents/Zotero/storage/T7KG5N7B/SPS-ELE-1-2-PRX-uloha-1-25-2-tranzistor.pdf;/home/daniel/Documents/Zotero/storage/Z2IS78I2/SPS-ELE-1-2-PRX-uloha-1-24-1-tranzistor.pdf}
}

@misc{ZakladyMereniAmpermetr,
  title        = {Základy měření - Ampérmetr},
  author       = {{VSPŠ}},
  langid       = {czech},
  organization = {{Vyšší odborná škola a Štřední průmyslový škola Šumperk}},
  file         = {/home/daniel/Documents/Zotero/storage/LAY8R7F2/VSPŠ - Základy měření - Ampérmetr.pdf}
}

@misc{ZakladyMereniDelic,
  title        = {Základy měření - Dělič},
  author       = {{VSPŠ}},
  langid       = {czech},
  organization = {{Vyšší odborná škola a Štřední průmyslový škola Šumperk}},
  file         = {/home/daniel/Documents/Zotero/storage/SBLJFU45/ELM-2-3-Dělič.pdf}
}

@misc{ZakladyMereniMale,
  title        = {Základy měření - Malé R},
  author       = {{VSPŠ}},
  langid       = {czech},
  organization = {{Vyšší odborná škola a Štřední průmyslový škola Šumperk}},
  file         = {/home/daniel/Documents/Zotero/storage/DSZ7AT73/ELM-2-5-malé R.pdf}
}

@misc{ZakladyMereniOsciloskop,
  title        = {Základy měření - Osciloskop},
  author       = {{VSPŠ}},
  langid       = {czech},
  organization = {{Vyšší odborná škola a Štřední průmyslový škola Šumperk}},
  file         = {/home/daniel/Documents/Zotero/storage/K8SQSLGH/ELM-2-8-osciloskop.pdf}
}

@misc{ZakladyMereniRezonancni,
  title        = {Základy měření - Rezonanční obvod},
  author       = {{VSPŠ}},
  langid       = {czech},
  organization = {{Vyšší odborná škola a Štřední průmyslový škola Šumperk}},
  file         = {/home/daniel/Documents/Zotero/storage/Z66EUYQP/ELM-2-10-rezonanční obvod.pdf}
}

@misc{ZakladyMereniVA,
  title        = {Základy měření - VA osciloskopem},
  author       = {{VSPŠ}},
  langid       = {czech},
  organization = {{Vyšší odborná škola a Štřední průmyslový škola Šumperk}},
  file         = {/home/daniel/Documents/Zotero/storage/UURMBFF2/ELM-2-9-VA-osciloskopem.pdf}
}

@misc{ZakladyMereniVelke,
  title        = {Základy měření - Velké R},
  author       = {{VSPŠ}},
  langid       = {czech},
  organization = {{Vyšší odborná škola a Štřední průmyslový škola Šumperk}},
  file         = {/home/daniel/Documents/Zotero/storage/A7W5EPHS/ELM-2-6-velké R.pdf}
}

@misc{ZakladyMereniVoltmetr,
  title        = {Základy měření - Voltmetr},
  author       = {{VSPŠ}},
  langid       = {czech},
  organization = {{Vyšší odborná škola a Štřední průmyslový škola Šumperk}},
  file         = {/home/daniel/Documents/Zotero/storage/ZIJ2GMLQ/ELM-2-2-Voltmetr.pdf}
}

@misc{ZakladyMereniVykon,
  title        = {Základy měření - Výkon},
  author       = {{VSPŠ}},
  langid       = {czech},
  organization = {{Vyšší odborná škola a Štřední průmyslový škola Šumperk}},
  file         = {/home/daniel/Documents/Zotero/storage/JKNBPCXP/ELM-2-7-výkon.pdf}
}

@misc{ZakladyMereniZdroj,
  title        = {Základy měření - Zdroj},
  author       = {{VSPŠ}},
  langid       = {czech},
  organization = {{Vyšší odborná škola a Štřední průmyslový škola Šumperk}},
  file         = {/home/daniel/Documents/Zotero/storage/3IDZMAH9/ELM-2-4-zdroj.pdf}
}

@online{ZidekdOpenOscilloscopeModuleOpen,
  title   = {Zidekd/{{OpenOscilloscopeModule}}: {{Open}} Source {{60MHz}} 2ch Oscilloscope, Designed for Modular Instrumentation},
  url     = {https://github.com/zidekd/OpenOscilloscopeModule},
  urldate = {2023-09-01},
  file    = {/home/daniel/Documents/Zotero/storage/5ZSWE25K/OpenOscilloscopeModule.html}
}

@thesis{ZpracovaniDigitalnichSignalu2011,
  title       = {Zpracování Digitálních Signálů z Interferometru},
  author      = {Trličík, Jakub},
  date        = {2011},
  institution = {{Vysoké Učení Technické v Brně}},
  location    = {{Brno}},
  abstract    = {Bakalářská práce se zabývá zpracováním digitálního signálu formátu S/PDIF z interferometru Polytec OFV-5000, pomocí měřicí aplikace vytvořené ve vývojovém prostředí LabVIEW. V této práci je popsána teorie laserového měření vibrací a kódování digitálního signálu S/PDIF. Dále je představen systém pro měření vibrací Polytec a systém pro sběr dat National Instruments. Následuje popis vytvořené měřicí aplikace, rozdělen na tři části: dekódování signálu S/PDIF, sběr a zobrazení digitálních dat a sběr a zobrazení analogových dat pro porovnání s digitálním výstupem. V poslední části práce jsou uvedeny výsledky porovnání analogového a digitálního výstupu a zhodnocení dosažených výsledků.},
  pagetotal   = {55},
  file        = {/home/daniel/Documents/Zotero/storage/BZFX79K8/final-thesis (5).pdf}
}
